2034 3644
113 837 359 946 vlcrosslalv
395 836 773 929 ARGUMENTUMz

340 1018 548 1040 -n—-d———n

15 1192 25 1199 ’
59 1154 171 1260 Caeso
196 1224 253 1282 per
276 1204 378 1264 dolum
399 1202 641 1284 Agamemnone,
668 1223 825 1282 regnoque

57 1295 244 1372 Argiuorum
266 1305 427 1374 occupato,
461 1294 623 1374 Aegisthus
641 1295 721 1355 filios
744 1312 823 1374 quos
885 1334 888 1343 ·

34 1376 37 1383 ’
58 1402 120 1461 que
139 1380 232 1458 ipsius
253 1383 428 1455 interimere
441 1382 548 1443 voluit.
584 1381 709 1453 Orestes
722 1382 825 1453 infans*

58 1489 77 1526 e
92 1464 191 1526 media
204 1468 294 1525 caede
310 1490 327 1525 a
343 1488 447 1528 sorore
462 1467 583 1526 Electra
597 1479 734 1548 ereptus,
755 1488 822 1526 ser-
854 1436 864 1498 l

56 1573 100 1613 vo
128 1553 163 1609 in
191 1552 280 1612 aliam
305 1564 416 1612 terram
451 1555 648 1631 asportandus
675 1554 824 1629 traditur:¹

55 1638 179 1697 seminis
199 1639 292 1699 vitam
314 1641 396 1703 socia
417 1635 571 1699 facinoris
585 1639 824 1717 Clytaemnestra

55 1725 94 1782 ab
107 1728 110 1737 '
124 1723 259 1784 adultero
289 1725 472 1804 impetravit.
520 1726 667 1806 ‘Quarum
697 1727 823 1786 alteram

52 1810 238 1870 ferociorem
255 1830 348 1887 quum
366 1812 428 1868 iam
449 1811 585 1865 nubilem
597 1805 758 1885 Aegisthus
772 1807 823 1866 vi-

53 1892 156 1964 deret,
182 1895 355 1972 periculum
371 1892 429 1948 sibi
442 1890 622 1950 indeereari
639 1895 822 1966 existimaus,

51 1981 155 2043 nobili
179 1977 271 2033 alicui
301 1975 373 2034 dare
397 1978 528 2054 nuptum
556 1981 725 2049 recusavit,
763 2000 821 2036 nec

10 2060 506 2140 ,.d0migra11demiamtenere,
535 2070 672 2120 metuens
693 2064 821 2120 furtivas
843 2064 846 2068 '

53 2149 192 2229 nuptias,
214 2155 315 2215 tutum
331 2166 394 2203 esse
411 2146 552 2215 credens,
575 2146 687 2204 colono
701 2146 821 2205 cuidam
901 2157 904 2163 '

54 2234 256 2303 conciliavit,¹
275 2231 329 2309 qni
346 2253 378 2290 se
393 2231 552 2309 indignum
573 2251 609 2290 eo
623 2234 820 2292 matrimonio

54 2322 241 2398 intelligens,
261 2318 408 2396 integram
422 2318 508 2376 illam
521 2320 661 2380 servavit.
696 2321 821 2378 Orestes

54 2408 173 2467 adultus
182 2447 198 2479 ,¹
213 2414 244 2462 et
262 2404 355 2483 patris
375 2404 559 2475 ulciscendi,
587 2414 618 2463 et
630 2407 716 2484 regni
729 2427 820 2465 recu-

15 2526 20 2535 ·
54 2491 181 2575 parandi
197 2490 341 2569 cupidus,
371 2492 449 2548 clam
463 2491 496 2549 iu
510 2511 613 2568 agrum
624 2491 774 2571 Argivum
787 2513 820 2552 se

55 2578 201 2648 contulit,
239 2596 449 2655 sororemque,
488 2597 578 2654 quam
599 2587 684 2636 extra
712 2579 819 2637 urbem

55 2667 161 2727 vivere
183 2662 332 2732 audierat,
366 2661 499 2725 invenit:
537 2683 555 2719 a
577 2683 636 2742 qua
658 2664 732 2741 quid
751 2663 820 2721 fieri

10 2800 17 2813 .
56 2758 212 2831 oporteret
228 2747 415 2819 admonium,
444 2768 576 2826 ususque
599 2770 690 2828 opera
706 2750 819 2809 veteris

42 2838 104 2899 sui
125 2833 358 2904 conservatoris,
383 2855 534 2913 manuque
547 2835 644 2895 fidelis
660 2836 749 2894 amici
763 2856 818 2894 co·-

55 2923 201 2999 mitisque
225 2919 368 2998 Pyladis,
411 2920 590 3000 Aegisthum
619 2923 752 3001 primurn
784 2922 819 2978 in

56 3030 128 3088 egro
154 3008 369 3087 immolantem
390 3008 525 3066 necavit:
565 3008 674 3066 deinde
694 3008 818 3084 Clytae-

54 3101 228 3164 mnestram,
247 3092 412 3161 tractamin
428 3093 551 3152 insidias
566 3094 602 3156 ab
614 3092 744 3162 Electra,
768 3093 820 3151 iu-

35 3188 42 3257 ]
53 3180 184 3241 tersecit.
229 3178 305 3253 ,Quo
324 3177 488 3258 parricidio
510 3188 699 3259 perpetratu,
718 3179 819 3238 statim

104 3304 107 3312 ·
546 3263 576 3324 A
596 3283 617 3326 2
828 3271 832 3277 “
